@book{lutz2014,
	author="M Lutz",
	title="Python Pocket Reference: Python in Your Pocket",
	year="2014",
	Publisher="O'Reilly Media",
	address="Sebastopol, CA, USA"
}